@article{mainpaper,
  title = {The title of a {VERY} important paper you have been given},
  author = {Author One and Author Two and Author Three},
  journal = {The publishing journal, conference, etc.},
  volume = {20},
  number = {1},
  year = {2002},
  month = {February},
  pages = {1--24},
}